<?xml version="1.0" encoding="UTF-8"?><collection xmlns="http://www.loc.gov/MARC21/slim"><record><leader>00355nam--2200121-i-4500</leader><controlfield tag="001">000021916</controlfield><controlfield tag="002">20161230</controlfield><controlfield tag="005">20161230201034</controlfield><controlfield tag="008">060222s1000------------r-----000-0-eng-d</controlfield><datafield ind1=" " ind2=" " tag="100"><subfield code="a">Hrehuss, G</subfield></datafield><datafield ind1=" " ind2=" " tag="245"><subfield code="a">A new method of mass discrimination</subfield></datafield><datafield ind1=" " ind2=" " tag="260"><subfield code="a">Budapest, Central Research Inst.Of Ph.Of The Hungarian Acad.Of Science, 1960. 5p. + 4 Fig</subfield></datafield><datafield ind1=" " ind2=" " tag="852"><subfield code="a">7291</subfield></datafield></record></collection>